<?xml version="1.0" encoding="UTF-8"?><collection xmlns="http://www.loc.gov/MARC21/slim"><record><leader>00307nam--2200109-i-4500</leader><controlfield tag="001">000043402</controlfield><controlfield tag="002">20161230</controlfield><controlfield tag="005">20161230201044</controlfield><controlfield tag="008">060222s1000------------r-----000-0-eng-d</controlfield><datafield ind1=" " ind2=" " tag="100"><subfield code="a">Syrkin,Y.K., Dyatkina,M.E</subfield></datafield><datafield ind1=" " ind2=" " tag="245"><subfield code="a">Structure of molecules and the chemical band</subfield></datafield><datafield ind1=" " ind2=" " tag="260"><subfield code="a">London,L Butterworth, 1959. Ix + 509 P</subfield></datafield></record></collection>